@incollection{HULL2011137,
title = "Chapter 7 - Jogs and the Intersection of Dislocations",
editor = "D. Hull and D.J. Bacon",
booktitle = "Introduction to Dislocations (Fifth Edition)",
publisher = "Butterworth-Heinemann",
edition = "Fifth Edition",
address = "Oxford",
pages = "137 - 155",
year = "2011",
isbn = "978-0-08-096672-4",
doi = "https://doi.org/10.1016/B978-0-08-096672-4.00007-4",
url = "http://www.sciencedirect.com/science/article/pii/B9780080966724000074",
author = "D. Hull and D.J. Bacon"
}
@incollection{HULL201143,
title = "Chapter 3 - Movement of Dislocations",
editor = "D. Hull and D.J. Bacon",
booktitle = "Introduction to Dislocations (Fifth Edition)",
publisher = "Butterworth-Heinemann",
edition = "Fifth Edition",
address = "Oxford",
pages = "43 - 62",
year = "2011",
isbn = "978-0-08-096672-4",
doi = "https://doi.org/10.1016/B978-0-08-096672-4.00003-7",
url = "http://www.sciencedirect.com/science/article/pii/B9780080966724000037",
author = "D. Hull and D.J. Bacon"
}